<record><leader>00000cas a22000007a 4500</leader><controlfield tag="001">13776362</controlfield><controlfield tag="008">860625c19769999nvucr ne      0   a0eng d</controlfield><datafield ind1=" " ind2=" " tag="010"><subfield code="a">sn 86076272 </subfield></datafield><datafield ind1=" " ind2=" " tag="040"><subfield code="a">NNX</subfield><subfield code="b">eng</subfield><subfield code="c">NNX</subfield><subfield code="d">NSD</subfield><subfield code="d">OCLCQ</subfield></datafield><datafield ind1=" " ind2=" " tag="012"><subfield code="m">1</subfield></datafield><datafield ind1="1" ind2=" " tag="022"><subfield code="a">1087-7029</subfield><subfield code="l">1087-7029</subfield><subfield code="2">1</subfield></datafield><datafield ind1=" " ind2=" " tag="032"><subfield code="a">322610</subfield><subfield code="b">USPS</subfield></datafield><datafield ind1=" " ind2=" " tag="042"><subfield code="a">msc</subfield><subfield code="a">nsdp</subfield></datafield><datafield ind1=" " ind2="0" tag="222"><subfield code="a">Battle Mountain bugle</subfield></datafield><datafield ind1="0" ind2="0" tag="245"><subfield code="a">Battle Mountain bugle.</subfield></datafield><datafield ind1=" " ind2=" " tag="260"><subfield code="a">Battle Mountain, Nev. :</subfield><subfield code="b">D. Shire &amp; T. Keyser-Cooper,</subfield><subfield code="c">1976-</subfield></datafield><datafield ind1=" " ind2=" " tag="300"><subfield code="a">v. :</subfield><subfield code="b">ill.</subfield></datafield><datafield ind1=" " ind2=" " tag="310"><subfield code="a">Semiweekly,</subfield><subfield code="b">&lt;Feb. 20, 1996-&gt;</subfield></datafield><datafield ind1=" " ind2=" " tag="321"><subfield code="a">Semimonthly,</subfield><subfield code="b">May 27, 1976-Sept. 13, 1978</subfield></datafield><datafield ind1=" " ind2=" " tag="321"><subfield code="a">Weekly,</subfield><subfield code="b">Sept. 27, 1978-&lt;Feb. 1996&gt;</subfield></datafield><datafield ind1="0" ind2=" " tag="362"><subfield code="a">No. 1 (May 27, 1976)-</subfield></datafield><datafield ind1=" " ind2=" " tag="500"><subfield code="a">Publishers: D. Shire, Dec. 22, 1976-&lt;1995&gt;; Bugle Communications, Inc., &lt;1996-&gt;</subfield></datafield><datafield ind1=" " ind2=" " tag="588"><subfield code="a">Latest issue consulted: Issue 1128 (Feb. 20, 1996).</subfield></datafield><datafield ind1=" " ind2=" " tag="752"><subfield code="a">United States</subfield><subfield code="b">Nevada</subfield><subfield code="c">Lander</subfield><subfield code="d">Battle Mountain.</subfield></datafield></record>